This file was created with JabRef 1.8.1.
Encoding: UTF8


@book{dm-ant-om,
  author = {Merkle, Daniel},
  title = {Ameisenalgorithmen: Optimierung und Modellierung},
  edition = {Diss.},
  publisher = {},
  location = {Karlsruhe},
  date = {2002},
  pagetotal = {XIV, 305}
}

@book{ds-ant,
  author = {Dorigo, Marco and St√ºtzle, Thomas},
  title = {Ant Colony Optimization},
  edition = {1},
  publisher = {},
  location = {},
  date = {s.a.},
  pagetotal = {X, 212}
}

@paper{rad-am,
  author = {Radeloff, Daniel},
  title = {Ameisenalgorithmen: Seminararbeit},
  edition = {},
  publisher = {The MIT Press},
  location = {Cambridge, Massachusetts},
  date = {2004},
  pagetotal = {14}
}


@paper{schill-komb,
  author = {Schiller, Daniel},
  title = {Kombinatorische Optimierung mit Ameisensystemen},
  edition = {},
  publisher = {},
  location = {Hagen},
  date = {2008},
  pagetotal = {23}
}
